@article{3dgs,
  title={3d gaussian splatting for real-time radiance field rendering.},
  author={Kerbl, Bernhard and Kopanas, Georgios and Leimk{\"u}hler, Thomas and Drettakis, George},
  journal={ACM Trans. Graph.},
  volume={42},
  number={4},
  pages={139--1},
  year={2023}
}
% defocus関係
  %ピンボケの原理が書いてある本(dofnerfで参照されていた)
  @book{optics,
    title={Optics, Global Edition},
    author={Hecht, E.},
    isbn={9781292096964},
    url={https://books.google.co.jp/books?id=kv4yDQAAQBAJ},
    year={2016},
    publisher={Pearson Education}
  }

  @inproceedings{Deblurring3dgs,
    title={Deblurring 3d gaussian splatting},
    author={Lee, Byeonghyeon and Lee, Howoong and Sun, Xiangyu and Ali, Usman and Park, Eunbyung},
    booktitle={European Conference on Computer Vision},
    pages={127--143},
    year={2025},
    organization={Springer}
  }
  @article{DOFGS,
    title={DOF-GS: Adjustable Depth-of-Field 3D Gaussian Splatting for Refocusing, Defocus Rendering and Blur Removal},
    author={Wang, Yujie and Chakravarthula, Praneeth and Chen, Baoquan},
    journal={arXiv preprint arXiv:2405.17351},
    year={2024}
  }
  %こちらも深層学習でピンボケを表現
  @inproceedings{BAGS,
    title={BAGS: Blur agnostic Gaussian splatting through multi-scale kernel modeling},
    author={Peng, Cheng and Tang, Yutao and Zhou, Yifan and Wang, Nengyu and Liu, Xijun and Li, Deming and Chellappa, Rama},
    booktitle={European Conference on Computer Vision},
    pages={293--310},
    year={2025},
    organization={Springer}
  }
  @inproceedings{deblur-nerf,
    title={Deblur-nerf: Neural radiance fields from blurry images},
    author={Ma, Li and Li, Xiaoyu and Liao, Jing and Zhang, Qi and Wang, Xuan and Wang, Jue and Sander, Pedro V},
    booktitle={Proceedings of the IEEE/CVF Conference on Computer Vision and Pattern Recognition},
    pages={12861--12870},
    year={2022}
  }
  %defocus系nerfの一種
  @inproceedings{dp-nerf,
    title={Dp-nerf: Deblurred neural radiance field with physical scene priors},
    author={Lee, Dogyoon and Lee, Minhyeok and Shin, Chajin and Lee, Sangyoun},
    booktitle={Proceedings of the IEEE/CVF Conference on Computer Vision and Pattern Recognition},
    pages={12386--12396},
    year={2023}
  }

% differentiable_rendering
  @article{differentiable_rendering,
    title={Differentiable rendering: A survey},
    author={Kato, Hiroharu and Beker, Deniz and Morariu, Mihai and Ando, Takahiro and Matsuoka, Toru and Kehl, Wadim and Gaidon, Adrien},
    journal={arXiv preprint arXiv:2006.12057},
    year={2020}
  }
  %voxel系(plenoxelも含まれる)
    %一番最初の differentiable rendering
    @article{PTN,
      title={Perspective transformer nets: Learning single-view 3d object reconstruction without 3d supervision},
      author={Yan, Xinchen and Yang, Jimei and Yumer, Ersin and Guo, Yijie and Lee, Honglak},
      journal={Advances in neural information processing systems},
      volume={29},
      year={2016}
    }
    %occupancy probabilityを積分していき、閾値に達したらストップ
    @article{lombardi2019,
      title={Neural volumes: Learning dynamic renderable volumes from images},
      author={Lombardi, Stephen and Simon, Tomas and Saragih, Jason and Schwartz, Gabriel and Lehrmann, Andreas and Sheikh, Yaser},
      journal={arXiv preprint arXiv:1906.07751},
      year={2019}
    }
  %pointcloud系(3DGSも含まれる)
    @article{point-splatting-yifan2019,
      title={Differentiable surface splatting for point-based geometry processing},
      author={Yifan, Wang and Serena, Felice and Wu, Shihao and {\"O}ztireli, Cengiz and Sorkine-Hornung, Olga},
      journal={ACM Transactions on Graphics (TOG)},
      volume={38},
      number={6},
      pages={1--14},
      year={2019},
      publisher={ACM New York, NY, USA}
    }
    @inproceedings{point-nerf,
      title={Point-nerf: Point-based neural radiance fields},
      author={Xu, Qiangeng and Xu, Zexiang and Philip, Julien and Bi, Sai and Shu, Zhixin and Sunkavalli, Kalyan and Neumann, Ulrich},
      booktitle={Proceedings of the IEEE/CVF conference on computer vision and pattern recognition},
      pages={5438--5448},
      year={2022}
    }
  %implicit系(nerfも含まれる)
    %the first usage of neural implicit representations in differentiable rendering
    @article{liu2019learning,
      title={Learning to infer implicit surfaces without 3d supervision},
      author={Liu, Shichen and Saito, Shunsuke and Chen, Weikai and Li, Hao},
      journal={Advances in Neural Information Processing Systems},
      volume={32},
      year={2019}
    }
    %nerfのSOTA
    @inproceedings{mipnerf,
      title={Mip-nerf: A multiscale representation for anti-aliasing neural radiance fields},
      author={Barron, Jonathan T and Mildenhall, Ben and Tancik, Matthew and Hedman, Peter and Martin-Brualla, Ricardo and Srinivasan, Pratul P},
      booktitle={Proceedings of the IEEE/CVF international conference on computer vision},
      pages={5855--5864},
      year={2021}
    }

  @article{volume_rendering,
    title={Volume rendering},
    author={Drebin, Robert A and Carpenter, Loren and Hanrahan, Pat},
    journal={ACM Siggraph Computer Graphics},
    volume={22},
    number={4},
    pages={65--74},
    year={1988},
    publisher={ACM New York, NY, USA}
  }

% sfm, mvs
  @inproceedings{sfm,
    title={Structure-from-motion revisited},
    author={Schonberger, Johannes L and Frahm, Jan-Michael},
    booktitle={Proceedings of the IEEE conference on computer vision and pattern recognition},
    pages={4104--4113},
    year={2016}
  } 
  @article{sfm_JP,
    title={解説：Structure from Motion (SfM)　第一回　SfMの概要とバンドル調整},
    author={織田 和夫},
    journal={写真測量とリモートセンシング},
    volume={55},
    number={3},
    pages={206-209},
    year={2016},
    doi={10.4287/jsprs.55.206}
  }
  @inproceedings{SIFT,
    title={Object recognition from local scale-invariant features},
    author={Lowe, David G},
    booktitle={Proceedings of the seventh IEEE international conference on computer vision},
    volume={2},
    pages={1150--1157},
    year={1999},
    organization={Ieee}
  }
  @inproceedings{ORB,
    title={ORB: An efficient alternative to SIFT or SURF},
    author={Rublee, Ethan and Rabaud, Vincent and Konolige, Kurt and Bradski, Gary},
    booktitle={2011 International conference on computer vision},
    pages={2564--2571},
    year={2011},
    organization={Ieee}
  }
  @article{RANSAC,
    title={Random sample consensus: a paradigm for model fitting with applications to image analysis and automated cartography},
    author={Fischler, Martin A and Bolles, Robert C},
    journal={Communications of the ACM},
    volume={24},
    number={6},
    pages={381--395},
    year={1981},
    publisher={ACM New York, NY, USA}
  }
  @article{mvs,
    title={解説：Structure from Motion (SfM)　第二回　SfMと多視点ステレオ},
    author={布施 孝志},
    journal={写真測量とリモートセンシング},
    volume={55},
    number={4},
    pages={259-262},
    year={2016},
    doi={10.4287/jsprs.55.259}
  }
  %COLMAP用．引用するときは，Structure-from-motion revisitedと共に引用する．
  @inproceedings{colmap,
    title={Pixelwise View Selection for Unstructured Multi-View Stereo},
    author={Johannes L. Sch{\"o}nberger and Enliang Zheng and Jan-Michael Frahm and Marc Pollefeys},
    booktitle={European Conference on Computer Vision},
    year={2016},
    url={https://api.semanticscholar.org/CorpusID:977535}
  }

% 背景関係
% nerf関係
  @article{nerf,
    title={Nerf: Representing scenes as neural radiance fields for view synthesis},
    author={Mildenhall, Ben and Srinivasan, Pratul P and Tancik, Matthew and Barron, Jonathan T and Ramamoorthi, Ravi and Ng, Ren},
    journal={Communications of the ACM},
    volume={65},
    number={1},
    pages={99--106},
    year={2021},
    publisher={ACM New York, NY, USA}
  }
  %以下二つはNNで連続的に表現されていたRadiance Fieldを離散化．NeRF(大規模なMLP)と比べて訓練＆レンダリング時間が減少訓練: 約10min, レンダリング: 約10fps(リアルタイム×)
  %hash grid and occupancy grid
  @article{instant-ngp,
    title={Instant neural graphics primitives with a multiresolution hash encoding},
    author={M{\"u}ller, Thomas and Evans, Alex and Schied, Christoph and Keller, Alexander},
    journal={ACM transactions on graphics (TOG)},
    volume={41},
    number={4},
    pages={1--15},
    year={2022},
    publisher={ACM New York, NY, USA}
  }
  %離散的なボクセルグリッド
  @inproceedings{plenoxels,
    title={Plenoxels: Radiance fields without neural networks},
    author={Fridovich-Keil, Sara and Yu, Alex and Tancik, Matthew and Chen, Qinhong and Recht, Benjamin and Kanazawa, Angjoo},
    booktitle={Proceedings of the IEEE/CVF conference on computer vision and pattern recognition},
    pages={5501--5510},
    year={2022}
  }

% 評価指標関係
  %Learned Perceptual Image Patch Similarity
  @misc{lpips,
        title={The Unreasonable Effectiveness of Deep Features as a Perceptual Metric}, 
        author={Richard Zhang and Phillip Isola and Alexei A. Efros and Eli Shechtman and Oliver Wang},
        year={2018},
        eprint={1801.03924},
        archivePrefix={arXiv},
        primaryClass={cs.CV},
        url={https://arxiv.org/abs/1801.03924}, 
  }
% sfm-free 3dgs
  @misc{colmapfree3dgaussiansplatting,
    title={COLMAP-Free 3D Gaussian Splatting}, 
    author={Yang Fu and Sifei Liu and Amey Kulkarni and Jan Kautz and Alexei A. Efros and Xiaolong Wang},
    year={2024},
    eprint={2312.07504},
    archivePrefix={arXiv},
    primaryClass={cs.CV},
    url={https://arxiv.org/abs/2312.07504}, 
  } 
  @misc{instantsplat,
    title={InstantSplat: Sparse-view SfM-free Gaussian Splatting in Seconds}, 
    author={Zhiwen Fan and Kairun Wen and Wenyan Cong and Kevin Wang and Jian Zhang and Xinghao Ding and Danfei Xu and Boris Ivanovic and Marco Pavone and Georgios Pavlakos and Zhangyang Wang and Yue Wang},
    year={2024},
    eprint={2403.20309},
    archivePrefix={arXiv},
    primaryClass={cs.CV},
    url={https://arxiv.org/abs/2403.20309}, 
  }
  @InProceedings{GSSLAM,
    author    = {Yan, Chi and Qu, Delin and Xu, Dan and Zhao, Bin and Wang, Zhigang and Wang, Dong and Li, Xuelong},
    title     = {GS-SLAM: Dense Visual SLAM with 3D Gaussian Splatting},
    booktitle = {Proceedings of the IEEE/CVF Conference on Computer Vision and Pattern Recognition (CVPR)},
    month     = {June},
    year      = {2024},
    pages     = {19595-19604}
  }
  % カメラ姿勢推定問題(特徴点＆レンダリング損失を使う)
  @article{sun2023icomma,
    title={icomma: Inverting 3d gaussians splatting for camera pose estimation via comparing and matching},
    author={Sun, Yuan and Wang, Xuan and Zhang, Yunfan and Zhang, Jie and Jiang, Caigui and Guo, Yu and Wang, Fei},
    journal={arXiv preprint arXiv:2312.09031},
    year={2023}
  }
%image based rendering
  @article{image_based_rendering,
    title={Structure from motion photogrammetry in forestry: A review},
    author={Iglhaut, Jakob and Cabo, Carlos and Puliti, Stefano and Piermattei, Livia and O’Connor, James and Rosette, Jacqueline},
    journal={Current Forestry Reports},
    volume={5},
    pages={155--168},
    year={2019},
    publisher={Springer}
  }
  @article{pleptonic_modeling,
    title={Review of image-based rendering techniques},
    author={Shum, Harry and Kang, Sing Bing},
    journal={Visual Communications and Image Processing 2000},
    volume={4067},
    pages={2--13},
    year={2000},
    publisher={SPIE}
  }
  @incollection{light_field,
    title={Light field rendering},
    author={Levoy, Marc and Hanrahan, Pat},
    booktitle={Seminal Graphics Papers: Pushing the Boundaries, Volume 2},
    pages={441--452},
    year={2023}
  }
  @incollection{view_interpolation,
    title={View interpolation for image synthesis},
    author={Chen, Shenchang Eric and Williams, Lance},
    booktitle={Seminal Graphics Papers: Pushing the Boundaries, Volume 2},
    pages={423--432},
    year={2023}
  }
  @inproceedings{3d_warping,
    title={Post-rendering 3D warping},
    author={Mark, William R and McMillan, Leonard and Bishop, Gary},
    booktitle={Proceedings of the 1997 symposium on Interactive 3D graphics},
    pages={7--ff},
    year={1997}
  }
