@article{zhang2000flexible,
	title={A flexible new technique for camera calibration},
	author={Zhang, Zhengyou},
	journal={IEEE Transactions on pattern analysis and machine intelligence},
	volume={22},
	year={2000}
}

%SLAM in Dynamic environmentのsurvey
@article{saputra2018visual,
  title={Visual SLAM and structure from motion in dynamic environments: A survey},
  author={Saputra, Muhamad Risqi U and Markham, Andrew and Trigoni, Niki},
  journal={ACM Computing Surveys (CSUR)},
  volume={51},
  number={2},
  pages={1--36},
  year={2018},
  publisher={ACM New York, NY, USA}
}
%動物体を含む環境でSLAMの精度が落ちることの説明に使用．Visual SLAM and structure from motion in dynamic environments: A surveyの152
@inproceedings{tan2013robust,
  title={Robust monocular SLAM in dynamic environments},
  author={Tan, Wei and Liu, Haomin and Dong, Zilong and Zhang, Guofeng and Bao, Hujun},
  booktitle={2013 IEEE International Symposium on Mixed and Augmented Reality (ISMAR)},
  pages={209--218},
  year={2013},
  organization={IEEE}
}
%直線的に動的物体を追跡することの説明に使用．．Visual SLAM and structure from motion in dynamic environments: A surveyの4と5
@inproceedings{alcantarilla2012combining,
  title={On combining visual SLAM and dense scene flow to increase the robustness of localization and mapping in dynamic environments},
  author={Alcantarilla, Pablo F and Yebes, Jos{\'e} J and Almaz{\'a}n, Javier and Bergasa, Luis M},
  booktitle={2012 IEEE International Conference on Robotics and Automation},
  pages={1290--1297},
  year={2012},
  organization={IEEE}
}
@inproceedings{avidan1999trajectory,
  title={Trajectory triangulation of lines: Reconstruction of a 3d point moving along a line from a monocular image sequence},
  author={Avidan, Shai and Shashua, Amnon},
  booktitle={Proceedings. 1999 IEEE Computer Society Conference on Computer Vision and Pattern Recognition (Cat. No PR00149)},
  volume={2},
  pages={62--66},
  year={1999},
  organization={IEEE}
}
%オプティカルフローの定義
@article{horn1981determining,
  title={Determining optical flow},
  author={Horn, Berthold KP and Schunck, Brian G},
  journal={Artificial intelligence},
  volume={17},
  number={1-3},
  pages={185--203},
  year={1981},
  publisher={Elsevier}
}
%オプティカルフローの手作業による従来手法．raftの13,21,50
@inproceedings{chen2016full,
  title={Full flow: Optical flow estimation by global optimization over regular grids},
  author={Chen, Qifeng and Koltun, Vladlen},
  booktitle={Proceedings of the IEEE conference on computer vision and pattern recognition},
  pages={4706--4714},
  year={2016}
}
%21は二つ上と一緒
@inproceedings{zach2007duality,
  title={A duality based approach for realtime tv-l 1 optical flow},
  author={Zach, Christopher and Pock, Thomas and Bischof, Horst},
  booktitle={Joint pattern recognition symposium},
  pages={214--223},
  year={2007},
  organization={Springer}
}
%深層学習を用いたオプティカルフロー推定．raftの25,42,48
@inproceedings{sun2018pwc,
  title={Pwc-net: Cnns for optical flow using pyramid, warping, and cost volume},
  author={Sun, Deqing and Yang, Xiaodong and Liu, Ming-Yu and Kautz, Jan},
  booktitle={Proceedings of the IEEE conference on computer vision and pattern recognition},
  pages={8934--8943},
  year={2018}
}
@article{yang2019volumetric,
  title={Volumetric correspondence networks for optical flow},
  author={Yang, Gengshan and Ramanan, Deva},
  journal={Advances in neural information processing systems},
  volume={32},
  year={2019}
}
@inproceedings{ilg2017flownet,
  title={Flownet 2.0: Evolution of optical flow estimation with deep networks},
  author={Ilg, Eddy and Mayer, Nikolaus and Saikia, Tonmoy and Keuper, Margret and Dosovitskiy, Alexey and Brox, Thomas},
  booktitle={Proceedings of the IEEE conference on computer vision and pattern recognition},
  pages={2462--2470},
  year={2017}
}
%survey of deep learning Video Segmentation
@article{garcia2018survey,
  title={A survey on deep learning techniques for image and video semantic segmentation},
  author={Garcia-Garcia, Alberto and Orts-Escolano, Sergio and Oprea, Sergiu and Villena-Martinez, Victor and Martinez-Gonzalez, Pablo and Garcia-Rodriguez, Jose},
  journal={Applied Soft Computing},
  volume={70},
  pages={41--65},
  year={2018},
  publisher={Elsevier}
}
%SVOSの歴史におけるSpace　Time　Memory(STM)の参考文献．XMemの36.
@inproceedings{oh2019video,
  title={Video object segmentation using space-time memory networks},
  author={Oh, Seoung Wug and Lee, Joon-Young and Xu, Ning and Kim, Seon Joo},
  booktitle={Proceedings of the IEEE/CVF International Conference on Computer Vision},
  pages={9226--9235},
  year={2019}
}
%XMem
@inproceedings{cheng2022xmem,
  title={XMem: Long-Term Video Object Segmentation with an Atkinson-Shiffrin Memory Model},
  author={Cheng, Ho Kei and Schwing, Alexander G},
  booktitle={European Conference on Computer Vision},
  pages={640--658},
  year={2022},
  organization={Springer}
}
%CNNを用いた初期の深度推定手法.depth estimation surveyの35.
@article{eigen2014depth,
  title={Depth map prediction from a single image using a multi-scale deep network},
  author={Eigen, David and Puhrsch, Christian and Fergus, Rob},
  journal={Advances in neural information processing systems},
  volume={27},
  year={2014}
}
%半教師あり深度推定手法の例.depth estimation surveyの23.
@inproceedings{garg2016unsupervised,
  title={Unsupervised cnn for single view depth estimation: Geometry to the rescue},
  author={Garg, Ravi and Bg, Vijay Kumar and Carneiro, Gustavo and Reid, Ian},
  booktitle={European conference on computer vision},
  pages={740--756},
  year={2016},
  organization={Springer}
}
%教師なし深度推定手法の例．depth estimation surveyの43.
@inproceedings{zhou2017unsupervised,
  title={Unsupervised learning of depth and ego-motion from video},
  author={Zhou, Tinghui and Brown, Matthew and Snavely, Noah and Lowe, David G},
  booktitle={Proceedings of the IEEE conference on computer vision and pattern recognition},
  pages={1851--1858},
  year={2017}
}
%PackNet
@InProceedings{Guizilini_2020_CVPR,
author = {Guizilini, Vitor and Ambrus, Rares and Pillai, Sudeep and Raventos, Allan and Gaidon, Adrien},
title = {3D Packing for Self-Supervised Monocular Depth Estimation},
booktitle = {Proceedings of the IEEE/CVF Conference on Computer Vision and Pattern Recognition (CVPR)},
month = {June},
year = {2020}
}
%flownet
@inproceedings{dosovitskiy2015flownet,
  title={Flownet: Learning optical flow with convolutional networks},
  author={Dosovitskiy, Alexey and Fischer, Philipp and Ilg, Eddy and Hausser, Philip and Hazirbas, Caner and Golkov, Vladimir and Van Der Smagt, Patrick and Cremers, Daniel and Brox, Thomas},
  booktitle={Proceedings of the IEEE international conference on computer vision},
  pages={2758--2766},
  year={2015}
}

@book{jo2001CG,
	title={写真から作る三次元CG　－イメージ・ベースド・モデリング＆レンダリング},
	author={徐剛},
	publisher={近代科学社},
	year={2001}
}

@misc{h25report,
	author = {国土交通省},
	title = {インフラ長寿命化基本計画（平成25年11月29日）},
	howpublished = {\url{https://www.mlit.go.jp/common/001040309.pdf}},
	year = {2013},
	note = {(Accessed on 15/11/2022)}
}

@misc{soumushou,
	author = {総務省},
	title = {平成25年 地方公共団体定員管理調査結果},
	howpublished = {\url{https://www.soumu.go.jp/main_content/000296532.pdf}},
	year = {2014},
	note = {(Accessed on 15/11/2022)}
}

%稲福先輩が読んでいたSLAMの本
@book{tomono正裕2018slam,
  title={SLAM 入門 ロボットの自己位置推定と地図構築の技術},
  author={友納正裕},
  year={2018},
  publisher={株式会社 オーム社}
}

%opencvの本
@book{中村恭之2017-08-05,
title={OpenCVによるコンピュータビジョン・機械学習入門 (KS情報科学専門書)},
author={中村, 恭之 and 小枝, 正直 and 上田, 悦子},
publisher={講談社},
year={2017},
month={8},
day={5},
date={2017-08-05}
}
%SLAMの現状と課題
@article{tomono正裕2020,
  title={SLAM の現状と今後の展望},
  author={友納 正裕 and 原 祥尭},
  journal={システム／制御／情報},
  volume={64},
  number={2},
  pages={45-50},
  year={2020},
  doi={10.11509/isciesci.64.2_45}
}

%深度推定単眼だと1割ほどの誤差は出てしまう例.depth surveyの33
@inproceedings{fu2018deep,
  title={Deep ordinal regression network for monocular depth estimation},
  author={Fu, Huan and Gong, Mingming and Wang, Chaohui and Batmanghelich, Kayhan and Tao, Dacheng},
  booktitle={Proceedings of the IEEE conference on computer vision and pattern recognition},
  pages={2002--2011},
  year={2018}
}

%Visual SLAM画像
@article{mur2017orb,
  title={Orb-slam2: An open-source slam system for monocular, stereo, and rgb-d cameras},
  author={Mur-Artal, Raul and Tard{\'o}s, Juan D},
  journal={IEEE transactions on robotics},
  volume={33},
  number={5},
  pages={1255--1262},
  year={2017},
  publisher={IEEE}
}

%SfMの図
@article{sfm_shalaby2017algorithms,
  title={Algorithms and applications of structure from motion (SFM): A survey},
  author={Shalaby, Abdou and Elmogy, Mohammed and El-Fetouh, Ahmed Abo},
  journal={Algorithms},
  volume={6},
  number={06},
  year={2017}
}

%動的SLAMにおける特徴点管理の図の引用元
@article{liu2021rds,
  title={RDS-SLAM: real-time dynamic SLAM using semantic segmentation methods},
  author={Liu, Yubao and Miura, Jun},
  journal={IEEE Access},
  volume={9},
  pages={23772--23785},
  year={2021},
  publisher={IEEE}
}
%MiDAS
@article{ranftl2020towards,
  title={Towards robust monocular depth estimation: Mixing datasets for zero-shot cross-dataset transfer},
  author={Ranftl, Ren{\'e} and Lasinger, Katrin and Hafner, David and Schindler, Konrad and Koltun, Vladlen},
  journal={IEEE transactions on pattern analysis and machine intelligence},
  year={2020},
  publisher={IEEE}
}
%raft
@inproceedings{teed2020raft,
	title={Raft: Recurrent all-pairs field transforms for optical flow},
	author={Teed, Zachary and Deng, Jia},
	booktitle={European conference on computer vision},
	pages={402--419},
	year={2020},
	organization={Springer}
}

%FlyingThings3D
@InProceedings{MIFDB16,
	author    = "N. Mayer and E. Ilg and P. H{\"a}usser and P. Fischer and D. Cremers and A. Dosovitskiy and T. Brox",
	title     = "A Large Dataset to Train Convolutional Networks for Disparity, Optical Flow, and Scene Flow Estimation",
	booktitle = "IEEE International Conference on Computer Vision and Pattern Recognition (CVPR)",
	year      = "2016",
	note      = "arXiv:1512.02134",
	url       = "http://lmb.informatik.uni-freiburg.de/Publications/2016/MIFDB16"
}
%adabins
@InProceedings{Bhat_2021_CVPR,
	author    = {Bhat, Shariq Farooq and Alhashim, Ibraheem and Wonka, Peter},
	title     = {AdaBins: Depth Estimation Using Adaptive Bins},
	booktitle = {Proceedings of the IEEE/CVF Conference on Computer Vision and Pattern Recognition (CVPR)},
	month     = {June},
	year      = {2021},
	pages     = {4009-4018}
}
$nyudataset
@inproceedings{silberman2012indoor,
	title={Indoor segmentation and support inference from rgbd images},
	author={Silberman, Nathan and Hoiem, Derek and Kohli, Pushmeet and Fergus, Rob},
	booktitle={European conference on computer vision},
	pages={746--760},
	year={2012},
	organization={Springer}
}